% Encoding: UTF-8
@inproceedings{Miller2013GraphDA,
  title={Graph Database Applications and Concepts with Neo4j},
  author={Justin J. Miller},
  year={2013}
}

% https://www.cl.cam.ac.uk/~ey204/teaching/ACS/R212_2014_2015/papers/lakshman_ladis_2009.pdf
@article{lakshman2010cassandra,
  title={Cassandra: a decentralized structured storage system},
  author={Lakshman, Avinash and Malik, Prashant},
  journal={ACM SIGOPS Operating Systems Review},
  volume={44},
  number={2},
  pages={35--40},
  year={2010},
  publisher={ACM}
}

@misc{hatcher2018nosqltype,
  author = {Jim Hatcher},
  title = {Do I Have the Right Type of NoSQL Database?},
  journal = {Datastax Blog},
  type = {Blog},
  number = {November 20},
  year = {2018},
  howpublished = {\url{https://www.datastax.com/2018/11/do-i-have-the-right-type-of-nosql-database}}
}

@misc{cassandracode,
  author = {{Apache Software Foundation}},
  title = {Cassandra},
  year = {2007--2019},
  version = {3.11.4},
  howpublished = {\url{https://gitbox.apache.org/repos/asf/cassandra.git}}
}

% http://www.cs.wayne.edu/andrey/papers/bigdata2015.pdf
@inproceedings{chebotko2015big,
  title={A big data modeling methodology for Apache Cassandra},
  author={Chebotko, Artem and Kashlev, Andrey and Lu, Shiyong},
  booktitle={2015 IEEE International Congress on Big Data},
  pages={238--245},
  year={2015},
  organization={IEEE}
}

% http://117.3.71.125:8080/dspace/bitstream/DHKTDN/6799/1/6174.Cassandra%20The%20definitive%20guide.pdf
@book{hewitt2010cassandra,
  title={Cassandra: the definitive guide},
  author={Hewitt, Eben},
  year={2010},
  publisher={" O'Reilly Media, Inc."}
}

% https://s3.amazonaws.com/academia.edu.documents/38476517/06106531.pdf?AWSAccessKeyId=AKIAIWOWYYGZ2Y53UL3A&Expires=1552963716&Signature=Dwy3v60JQpZ3Kcb127HFrPKvA%2F0%3D&response-content-disposition=inline%3B%20filename%3DSurvey_on_NoSQL_Database_PCN_and_CAD_Cen.pdf
@inproceedings{han2011survey,
  title={Survey on NoSQL database},
  author={Han, Jing and Haihong, E and Le, Guan and Du, Jian},
  booktitle={2011 6th international conference on pervasive computing and applications},
  pages={363--366},
  year={2011},
  organization={IEEE}
}

% https://pdfs.semanticscholar.org/cc35/3ac11af278aa60569e8093a82663fdb24699.pdf
@article{deka2014survey,
  title={A survey of cloud database systems},
  author={Deka, Ganesh Chandra},
  journal={IT Professional},
  volume={16},
  number={2},
  pages={50--57},
  year={2014},
  publisher={IEEE}
}

% http://dinus.ac.id/private_lib/fahri/MASTERING_APACHE_CASSANDRA.pdf
@book{neeraj2013mastering,
  title={Mastering Apache Cassandra},
  author={Neeraj, Nishant},
  year={2013},
  publisher={Packt Publishing Ltd}
}

@misc{datastax6cqldoc,
  author = {Datastax},
  title = {CQL for Datastax Enterprise},
  month = {2},
  year = {2019},
  version = {6.7},
  howpublished = {\url{https://docs.datastax.com/en/dse/6.7/cql/}}
}

@misc{cassandra3cqldoc,
  author = {Datastax},
  title = {CQL for Apache Cassandra 3.0},
  month = {2},
  year = {2019},
  version = {3.0},
  howpublished = {\url{https://docs.datastax.com/en/cql/3.3/}}
}

@misc{cassandra3doc,
  author = {Datastax},
  title = {Apache Cassandra 3.0 for DSE 5.0},
  month = {2},
  year = {2019},
  version = {3.0},
  howpublished = {\url{https://docs.datastax.com/en/cassandra/3.0/index.html}}
}

@book{Carpenter2016Jun,
	author = {Carpenter, Jeff and Hewitt, Eben},
	title = {{Cassandra: The Definitive Guide}},
	year = {2016},
	month = {Jun},
	isbn = {978-1-4919-3366-4},
	publisher = {O'Reilly Media},
	url = {http://shop.oreilly.com/product/0636920043041.do}
}

@Online{neo4jmark,
  title = {Neo4j: Product},
  url ={https://neo4j.com/product/},
  urldate = {2019-04-07}
}

@article{GarimaAnalysis,
author = {Jaiswal, Garima},
year = {2013},
month = {08},
pages = {25-27},
title = {Comparative analysis of Relational and Graph databases},
volume = {03},
journal = {IOSR Journal of Engineering},
doi = {10.9790/3021-03822527}
}

@Online{neo4jweb,
  organization = {Neo4j Inc.},
  title = {Neo4j Website: Why Neo4j? Top Ten Reasons},
  url = {https://neo4j.com/top-ten-reasons/},
  urldate = {2019-03-25}
}

@Online{mysqlsecurity,
  title = {MySQL Website: Security in MySQL},
  url ={https://dev.mysql.com/doc/mysql-security-excerpt/5.7/en/},
  urldate = {2019-03-25}
}

@inproceedings{Vicknair2010,
 author = {Vicknair, Chad and Macias, Michael and Zhao, Zhendong and Nan, Xiaofei and Chen, Yixin and Wilkins, Dawn},
 title = {A Comparison of a Graph Database and a Relational Database: A Data Provenance Perspective},
 booktitle = {Proceedings of the 48th Annual Southeast Regional Conference},
 series = {ACM SE '10},
 year = {2010},
 isbn = {978-1-4503-0064-3},
 location = {Oxford, Mississippi},
 pages = {42:1--42:6},
 articleno = {42},
 numpages = {6},
 url = {http://doi.acm.org/10.1145/1900008.1900067},
 doi = {10.1145/1900008.1900067},
 acmid = {1900067},
 publisher = {ACM},
 address = {New York, NY, USA},
}

@book{Robinson2013,
 author = {Robinson, Ian and Webber, Jim and Eifrem, Emil},
 title = {Graph Databases},
 year = {2013},
 isbn = {1449356265},
 publisher = {O'Reilly Media, Inc.}
}

@article{Wood2012QueryLF,
  title={Query languages for graph databases},
  author={Peter T. Wood},
  journal={SIGMOD Record},
  year={2012},
  volume={41},
  pages={50-60}
}

@inproceedings{Huang2002,
 author = {Huang, Zan and Chung, Wingyan and Ong, Thian-Huat and Chen, Hsinchun},
 title = {A Graph-based Recommender System for Digital Library},
 booktitle = {Proceedings of the 2Nd ACM/IEEE-CS Joint Conference on Digital Libraries},
 series = {JCDL '02},
 year = {2002},
 isbn = {1-58113-513-0},
 location = {Portland, Oregon, USA},
 pages = {65--73},
 numpages = {9},
 url = {http://doi.acm.org/10.1145/544220.544231},
 doi = {10.1145/544220.544231},
 acmid = {544231},
 publisher = {ACM},
 address = {New York, NY, USA},
 keywords = {Hopfield net algorithm, chinese phrase extraction, collaborative filtering, content-based filtering, graph-based model, mutual information algorithm, recommender system}
}

@inproceedings{Angles2018AnIT,
  title={An Introduction to Graph Data Management},
  author={Renzo Angles and Claudio Gutierrez},
  booktitle={Graph Data Management},
  year={2018}
}

@article{KUPERLDM,
author = {Kuper, Gabriel},
year = {1985},
month = {09},
pages = {},
title = {The logical data model : a new approach to database logic /}
}

@inproceedings{Shipman1979,
 author = {Shipman, David W.},
 title = {The Functional Data Model and the Data Language DAPLEX},
 booktitle = {Proceedings of the 1979 ACM SIGMOD International Conference on Management of Data},
 series = {SIGMOD '79},
 year = {1979},
 isbn = {0-89791-001-X},
 location = {Boston, Massachusetts},
 pages = {59--59},
 numpages = {1},
 url = {http://doi.acm.org/10.1145/582095.582105},
 doi = {10.1145/582095.582105},
 acmid = {582105},
 publisher = {ACM},
 address = {New York, NY, USA}
}

@Online{neo4j:editions,
  organization = {Neo4j Inc.},
  title = {{Neo4j Website: Neo4j Subscriptions}},
  url = {https://neo4j.com/subscriptions},
  urldate = {2019-03-30}
}

@Online{neomodel:rtd,
  author = {Robin Edwards},
  title = {{neomodel - Getting started}},
  url = {https://neomodel.readthedocs.io/en/latest/getting_started.htm},
  year = {2019},
  urldate = {2019-03-25}
}

@Manual{neo4j:rel_to_graph,
  organization = {Neo4j Inc.},
  title = {{Neo4j Website: Model: Relational to Graph}},
  url = {https://neo4j.com/developer/relational-to-graph-modeling/},
  year = {2019},
  urldate = {2019-03-25}
}

@Manual{neo4j:graph_vs_rdbms,
  organization = {Neo4j Inc.},
  title = {{Neo4j Website: Concepts: Relational to Graph}},
  url = {https://neo4j.com/developer/graph-db-vs-rdbms/},
  year = {2019},
  urldate = {2019-03-25}
}

@Manual{neo4j:cypher_introduction,
  organization = {Neo4j Inc.},
  title = {{Neo4j Website: Cypher Query Language}},
  url = {https://neo4j.com/developer/cypher/},
  year = {2019},
  urldate = {2019-03-30}
}

@Manual{neo4j:op_manual,
  organization = {Neo4j Inc.},
  title = {{The Neo4j Operations Manual v3.5}},
  url = {https://neo4j.com/docs/operations-manual/current/},
  year = {2019},
  urldate = {2019-03-30}
}

@Online{dzone:rel_to_graph,
  author = {Michael Hunger},
  title = {From Relational to Graph: A Developer's Guide},
  url = {https://dzone.com/refcardz/from-relational-to-graph-a-developers-guide},
  urldate = {2019-03-25},
}

@Online{openCypher,
  organization = {Neo4j Inc.},
  title = {{openCypher -- About}},
  url = {http://www.opencypher.org/},
  urldate = {2019-03-28},
  year = {2018}
}

@Online{github:neomodel,
  author = {Athanasios Anastasiou},
  title = {neomodel},
  url = {https://github.com/neo4j-contrib/neomodel/blob/master/README.rst},
  urldate = {2019-03-29},
  year = {2019}
}

@Online{neo4j:why_graphdb,
  title        = {Neo4j Website: Why Graph Database?},
  url          = {https://neo4j.com/top-ten-reasons/},
  organization = {Neo4j Inc.},
  urldate      = {2019-04-02},
}

@Online{neo4j:graphdb,
  title        = {Neo4j Website: What is a Graph Database?},
  url          = {https://neo4j.com/developer/graph-database/},
  organization = {Neo4j Inc.},
  urldate      = {2019-04-02},
}

@Book{graphdb2015,
  author      = {Emil Eifrem and Jim Webber and Ian Robinson},
  title       = {Graph Databases: New Opportunities for Connected Data},
  year        = {2015},
  edition     = {2},
  publisher   = {O'Reilly Media},
  isbn        = {9781491930892},
  description = {Graph Databases: New Opportunities for Connected Data (Book, 2015)},
  month       = {7},
}

@Book{maheshlal2015,
  author      = {Mahesh Lal},
  title       = {Neo4j Graph Data Modeling},
  year        = {2015},
  publisher   = {Packt Publishing - ebooks Account},
  isbn        = {1784393444},
  description = {Neo4j Graph Data Modeling (Book, 2015)},
  month       = {7},
}

@Manual{neo4j:use_cases,
  author       = {Jim Webber;Ian Robinson;},
  title        = {{White paper: The Top 5 Use Cases of Graph Databases}},
  organization = {Neo4j Inc.},
  url          = {https://go.neo4j.com/rs/710-RRC-335/images/Neo4j_Top5_UseCases_Graph%20Databases.pdf},
  urldate      = {2019-04-02},
  description  = {The Top 5 Use Cases of Graph Databases: Unlocking New Possibilities with Connected Data},
}

@Online{dzone:understanding_cap,
  author = {Akhil Mehra},
  title = {{Understanding the CAP Theorem}},
  url = {https://dzone.com/articles/understanding-the-cap-theorem},
  year = {2017},
  month = {9},
  day = {6},
  urldate = {2019-04-02},
}

@article{DBLP:journals/corr/Kleppmann15,
  author    = {Martin Kleppmann},
  title     = {A Critique of the {CAP} Theorem},
  journal   = {CoRR},
  volume    = {abs/1509.05393},
  year      = {2015},
  url       = {http://arxiv.org/abs/1509.05393},
  archivePrefix = {arXiv},
  eprint    = {1509.05393},
  timestamp = {Mon, 13 Aug 2018 16:49:13 +0200},
  biburl    = {https://dblp.org/rec/bib/journals/corr/Kleppmann15},
  bibsource = {dblp computer science bibliography, https://dblp.org},
  urldate = {2019-04-02},
}

@Online{infoq:neo4j,
  author = {Srini Penchikala},
  title = {{Neo4j 3.1 Supports Causal Clustering and Security Enhancements}},
  url = {https://www.infoq.com/news/2016/12/neo4j-3.1},
  year = {2016},
  month = {12},
  day = {31},
  urldate = {2019-04-02},
}

@Online{kleppmann:caprant,
  author = {Martin Kleppmann},
  title = {{Please stop calling databases CP or AP}},
  url = {http://martin.kleppmann.com/2015/05/11/please-stop-calling-databases-cp-or-ap.html},
  year = {2015},
  month = {5},
  day = {11},
  urldate = {2019-04-02},
}

@Online{orientdb:vs_neo4j,
  organization = {Callidus Software Inc},
  title = {OrientDB Website: OrientDB vs Neo4j},
  url = {https://orientdb.com/orientdb-vs-neo4j/},
  urldate = {2019-04-05}
}

@Online{orientdb:why,
  organization = {Callidus Software Inc},
  title = {OrientDB Website: Why OrientDB},
  url = {https://orientdb.com/why-orientdb/},
  urldate = {2019-04-05}
}

@Online{orientdb:support,
  organization = {Callidus Software Inc},
  title = {OrientDB Website: Support and Subscriptions},
  url = {https://orientdb.com/support/},
  urldate = {2019-04-05}
}

@inproceedings{cloudcom:2012,
  author    = {Miyuru Dayarathna and
               Toyotaro Suzumura},
  title     = {XGDBench: {A} benchmarking platform for graph stores in exascale clouds},
  booktitle = {4th {IEEE} International Conference on Cloud Computing Technology
               and Science Proceedings, CloudCom 2012, Taipei, Taiwan, December 3-6,
               2012},
  pages     = {363--370},
  year      = {2012},
  url       = {https://doi.org/10.1109/CloudCom.2012.6427516},
  doi       = {10.1109/CloudCom.2012.6427516},
  timestamp = {Tue, 23 May 2017 01:07:20 +0200},
  biburl    = {https://dblp.org/rec/bib/conf/cloudcom/DayarathnaS12},
  bibsource = {dblp computer science bibliography, https://dblp.org}
}

@Manual{orientdb:cluster,
  organization = {Callidus Software Inc},
  title = {{Setting up a Distributed Graph Database}},
  url = {https://orientdb.com/docs/last/Tutorial-Setup-a-distributed-database.html},
  urldate = {2019-04-05}
}
