@book{cassandra_oreilly,
  author = {Carpenter, Jeff and Hewitt, Eben},
  title = {{Cassandra: The Definitive Guide}},
  year = {2016},
  month = {6},
  isbn = {978-1-4919-3366-4},
  publisher = {O'Reilly Media},
  url = {http://shop.oreilly.com/product/0636920043041.do},
  urldate = {2019-03-30},
}
@article{cassandra_paper,
  title={{Cassandra: a decentralized structured storage system}},
  author={Lakshman, Avinash and Malik, Prashant},
  journal={ACM SIGOPS Operating Systems Review},
  volume={44},
  number={2},
  pages={35--40},
  year={2010},
  publisher={ACM}
}

@misc{cassandra3cqldoc,
  author = {{DataStax, Inc.}},
  title = {{CQL for Apache Cassandra 3.0}},
  month = {2},
  year = {2019},
  version = {3.0},
  url = {https://docs.datastax.com/en/cql/3.3/},
  urldate = {2019-03-30},
}

@misc{cassandra_cern,
  author = {Alexandru Dan Sicoe},
  title = {{A Persistent Back-End for the ATLAS Online Information Service}},
  url = {https://cds.cern.ch/record/1432912/files/ATL-DAQ-SLIDE-2012-067.pdf},
  urldate = {2019-03-30},
  month = {3},
  year = {2012},
}

@misc{cassandra_apple,
  author = {Sankalp Kohli},
  title = {{Cassandra at Apple for Massive Scale}},
  month = {9},
  year = {2014},
  url = {https://www.youtube.com/watch?v=Bc4ql9TDzyg},
  urldate = {2019-03-30},
}

@misc{cassandra_netflix,
  author = {Adrian Cockcroft},
  title = {{Replacing Datacenter Oracle with Global Apache Cassandra on AWS}},
  month = {7},
  year = {2011},
  url = {https://www.slideshare.net/adrianco/migrating-netflix-from-oracle-to-global-cassandra/28-Remote_Copies_Cassandra_duplicates_across},
  urldate = {2019-03-30},
}

@misc{cassandra_ebay,
  author = {Jay Patel},
  title = {{Cassandra at eBay}},
  month = {8},
  year = {2012},
  url = {https://www.slideshare.net/jaykumarpatel/cassandra-at-ebay-13920376},
  urldate = {2019-03-30},
}

@misc{cqlAlexMeng,
  author = {Alex Meng},
  title = {{Cassandra Query Language (CQL) vs SQL – Alex Meng – Medium}},
  month = {11},
  year = {2014},
  url = {https://medium.com/@alexbmeng/cassandra-query-language-cql-vs-sql-7f6ed7706b4c},
  urldate = {2019-03-30},
}

@misc{newInCQL3,
  author = {Paul Cannon},
  title = {{What’s New in CQL 3.0 | DataStax}},
  year = {2012},
  month = {4},
  url = {https://www.datastax.com/dev/blog/whats-new-in-cql-3-0},
  urldate = {2019-03-30},
}

@misc{datastaxReadData,
  author = {{DataStax, Inc.}},
  title = {{How is data read? | Apache Cassandra 3.0}},
  month = {2},
  year = {2019},
  url = {https://docs.datastax.com/en/cassandra/3.0/cassandra/dml/dmlHowDataWritten.html},
  urldate = {2019-03-30},
}

@misc{datastaxWriteData,
  author = {{DataStax, Inc.}},
  title = {{How is data written? | Apache Cassandra 3.0}},
  month = {2},
  year = {2019},
  url = {https://docs.datastax.com/en/cassandra/3.0/cassandra/dml/dmlHowDataWritten.html},
  urldate = {2019-03-30},
}

@misc{cassandraCompactTool,
  author = {{DataStax, Inc.}},
  title = {{nodetool compact | Apache Cassandra 3.0}},
  month = {2},
  year = {2019},
  url = {https://docs.datastax.com/en/cassandra/3.0/cassandra/tools/toolsCompact.html},
  urldate = {2019-03-30},
}

@misc{cassandra_ebay2,
  author = {Feng Qu},
  title = {{Cassandra Best Practices at ebay inc}},
  month = {9},
  year = {2014},
  url = {https://www.slideshare.net/planetcassandra/cassandra-summit-2014-39677149},
  urldate = {2019-03-30},
}

@misc{cassandra_apache,
  author = {{Apache Foundation}},
  title = {Cassandra Apache},
  month = {4},
  year = {2019},
  url = {https://cassandra.apache.org/},
  urldate = {2019-03-30},
}

@misc{db_engines,
  author = {{DB-Engines}},
  title = {{DB-Engines Ranking}},
  month = {4},
  year = {2019},
  url = {https://db-engines.com/en/ranking},
  urldate = {2019-03-30},
}

@misc{hobbs_datamodeling,
  author = {Tyler Hobbs},
  title = {Basic Rules of Cassandra Data Modeling},
  month = {2},
  year = {2015},
  url = {https://www.datastax.com/dev/blog/basic-rules-of-cassandra-data-modeling},
  urldate = {2019-03-30},
}

@misc{guru99_modeling,
  author = {{Guru99}},
  title = {Cassandra Data Model with Simple Example},
  month = {4},
  year = {2019},
  url = {https://www.guru99.com/cassandra-data-model-rules.html},
  urldate = {2019-03-30},
}

@misc{datastax_secondary_index,
  author = {Dui Hai Doan},
  title = {Cassandra Native Secondary Index Deep Dive},
  month = {4},
  year = {2016},
  url = {https://www.datastax.com/dev/blog/cassandra-native-secondary-index-deep-dive},
  urldate = {2019-03-30},
}

@misc{datastax_when_index,
  author = {{DataStax, Inc.}},
  title = {When to use an index},
  month = {7},
  year = {2017},
  url = {https://docs.datastax.com/en/archived/cql/3.0/cql/ddl/ddl_when_use_index_c.html},
  urldate = {2019-03-30},
}

@misc{cassandra_architecture_akhil,
  author = {Akhil Mehra},
  title = {Apache Cassandra Architecture},
  month = {1},
  year = {2015},
  url = {http://abiasforaction.net/cassandra-architecture/},
  urldate = {2019-03-30},
}

@misc{datastax_balancing,
  author = {Nick Bailey},
  title = {Balancing Your Cassandra Cluster},
  month = {3},
  year = {2012},
  url = {https://www.datastax.com/dev/blog/balancing-your-cassandra-cluster},
  urldate = {2019-03-30},
}

@misc{yelp_balancing,
  author = {Joseph Lynch},
  title = {Monitoring Cassandra at Scale},
  month = {6},
  year = {2016},
  url = {https://engineeringblog.yelp.com/2016/06/monitoring-cassandra-at-scale.html},
  urldate = {2019-03-30},
}

@misc{cassandra_distributed_read,
  author = {{DataStax, Inc.}},
  title = {{How are read requests accomplished? | Apache Cassandra 3.0}},
  month = {2},
  year = {2019},
  url = {https://docs.datastax.com/en/cassandra/3.0/cassandra/dml/dmlClientRequestsRead.html},
  urldate = {2019-03-30},
}

@misc{cassandra_distributed_write,
  author = {{DataStax, Inc.}},
  title = {{How are write requests accomplished? | Apache Cassandra 3.0}},
  month = {2},
  year = {2019},
  url = {https://docs.datastax.com/en/cassandra/3.0/cassandra/dml/dmlClientRequestsWrite.html},
  urldate = {2019-03-30},
}

@misc{hinted_handoff,
  author = {{DataStax, Inc.}},
  title = {{Hinted Handoff: repair during write path | Apache Cassandra 3.0}},
  month = {2},
  year = {2019},
  url = {https://docs.datastax.com/en/cassandra/3.0/cassandra/operations/opsRepairNodesHintedHandoff.html},
  urldate = {2019-03-30},
}

@misc{cqlPrimaryKeyDefinition,
  author = {Johnny Miller},
  title = {Introduction to CQL and Data Modeling with Apache Cassandra},
  month = {2},
  year = {2014},
  url = {https://www.slideshare.net/johnny15676/introduction-to-cql-and-data-modeling},
  urldate = {2019-03-30},
}

@misc{cassandra_config,
  author = {{DataStax, Inc.}},
  title = {{The cassandra.yaml configuration file}},
  month = {2},
  year = {2019},
  url = {https://docs.datastax.com/en/cassandra/3.0/cassandra/configuration/configCassandra_yaml.html},
  urldate = {2019-03-30},
}

@misc{cassandra_jvm_tuning,
  author = {{DataStax, Inc.}},
  title = {{Tuning Java resources | Apache Cassandra 3.0}},
  month = {2},
  year = {2019},
  url = {https://docs.datastax.com/en/cassandra/3.0/cassandra/operations/opsTuneJVM.html},
  urldate = {2019-03-30},
}

@misc{datastax_hardware,
  author = {{DataStax, Inc.}},
  title = {{Selecting hardware for DataStax Enterprise implementations | DSE Planning guide}},
  month = {2},
  year = {2019},
  url = {https://docs.datastax.com/en/dse-planning/doc/planning/planningHardware.html},
  urldate = {2019-03-30},
}

@article{chang2008bigtable,
  title={Bigtable: A distributed storage system for structured data},
  author={Chang, Fay and Dean, Jeffrey and Ghemawat, Sanjay and Hsieh, Wilson C and Wallach, Deborah A and Burrows, Mike and Chandra, Tushar and Fikes, Andrew and Gruber, Robert E},
  journal={ACM Transactions on Computer Systems (TOCS)},
  volume={26},
  number={2},
  pages={4},
  year={2008},
  publisher={ACM}
}

@misc{wideColumnGraphic,
  author = {{database.guide}},
  year = {2016},
  month = {6},
  title = {{What is a Column Store Database?}},
  url = {https://database.guide/what-is-a-column-store-database/},
  urldate = {2019-03-30},
}

@misc{cassandraInCAPtheorem,
  author = {Dietrich Featherston},
  title = {{Cassandra:  Principles and Application}},
  url = {http://disi.unitn.it/~montreso/ds/papers/Cassandra.pdf},
  urldate = {2019-03-30},
  journal={Department of Computer Science University of Illinois at Urbana-Champaign},
  year={2010}
}

@misc{cassandra_usecase_fraud,
  author = {{DataStax Inc.}},
  title = {UseCases Fraud Detection},
  url = {https://academy.datastax.com/use-cases/fraud-detection},
  urldate = {2019-03-30},
}

@inproceedings{chebotko2015data,
  title={A big data modeling methodology for Apache Cassandra},
  author={Chebotko, Artem and Kashlev, Andrey and Lu, Shiyong},
  booktitle={2015 IEEE International Congress on Big Data},
  pages={238--245},
  year={2015},
  organization={IEEE}
}

@misc{hale2010sacrifice,
  author = {{Coda Hale}},
  title = {{You Can’t Sacrifice Partition Tolerance}},
  url = {https://codahale.com/you-cant-sacrifice-partition-tolerance/},
  year = {2010},
  month = {10},
  urldate = {2019-03-30},
}

@misc{cassandra3cqldocUse,
  author = {{DataStax, Inc.}},
  title = {{USE | CQL for Apache Cassandra 3.0}},
  month = {2},
  year = {2019},
  version = {3.0},
  url = {https://docs.datastax.com/en/cql/3.3/cql/cql_reference/cqlUse.html},
  urldate = {2019-04-14},
}

@misc{cassandra3cqldocCreateKeystore,
  author = {{DataStax, Inc.}},
  title = {{CREATE KEYSPACE | CQL for Apache Cassandra 3.0}},
  month = {2},
  year = {2019},
  version = {3.0},
  url = {https://docs.datastax.com/en/cql/3.3/cql/cql_reference/cqlCreateKeyspace.html},
  urldate = {2019-04-14},
}

@misc{cassandra3cqldocCreateTable,
  author = {{DataStax, Inc.}},
  title = {{CREATE TABLE | CQL for Apache Cassandra 3.0}},
  month = {2},
  year = {2019},
  version = {3.0},
  url = {https://docs.datastax.com/en/cql/3.3/cql/cql_reference/cqlCreateTable.html},
  urldate = {2019-04-14},
}

@misc{cassandra3cqldocSelect,
  author = {{DataStax, Inc.}},
  title = {{SELECT | CQL for Apache Cassandra 3.0}},
  month = {2},
  year = {2019},
  version = {3.0},
  url = {https://docs.datastax.com/en/cql/3.3/cql/cql_reference/cqlSelect.html},
  urldate = {2019-04-14},
}

@inproceedings{decandia2007dynamo,
  title={Dynamo: amazon's highly available key-value store},
  author={DeCandia, Giuseppe and Hastorun, Deniz and Jampani, Madan and Kakulapati, Gunavardhan and Lakshman, Avinash and Pilchin, Alex and Sivasubramanian, Swaminathan and Vosshall, Peter and Vogels, Werner},
  booktitle={ACM SIGOPS operating systems review},
  volume={41},
  number={6},
  pages={205--220},
  year={2007},
  organization={ACM}
}

@misc{datastax_vnodes,
  author = {Brandon Williams},
  title = {{Virtual nodes in Cassandra 1.2}},
  month = {12},
  year = {2012},
  url = {https://www.datastax.com/dev/blog/virtual-nodes-in-cassandra-1-2},
  urldate = {2019-04-16},
}

@misc{datastax_consistency_level,
  author = {{DataStax Inc.}},
  title = {How is the consistency level configured?},
  url = {https://docs.datastax.com/en/cassandra/3.0/cassandra/dml/dmlConfigConsistency.html},
  urldate = {2019-04-16},
  year = {2019},
  month = {2}
}

@misc{datastax_replication,
  author = {{DataStax Inc.}},
  title = {Data Replication},
  url = {https://docs.datastax.com/en/dse/5.1/dse-arch/datastax_enterprise/dbArch/archDataDistributeReplication.html},
  urldate = {2019-04-16},
  year = {2019},
  month = {2}
}

@inproceedings{karger1997consistent,
  title={Consistent hashing and random trees: Distributed caching protocols for relieving hot spots on the world wide web},
  author={Karger, David and Lehman, Eric and Leighton, Tom and Levine, Matthew and Lewin, Daniel and Panigrahy, Rina},
  booktitle={STOC},
  volume={97},
  pages={654--663},
  year={1997}
}

@misc{datastax_consistency,
  author = {{DataStax Inc.}},
  title = {How are consistent read and write operations handled?},
  url = {https://docs.datastax.com/en/cassandra/3.0/cassandra/dml/dmlAboutDataConsistency.html},
  urldate = {2019-04-16},
  year = {2019},
  month = {2}
}

@article{fermi2004giant,
  title={The sensitive giant},
  author={{DOE/Fermi National Accelerator Laboratory}},
  journal={US Department of Energy Science News},
  year={2010},
  month={3},
  howpublished={\url={https://www.eurekalert.org/features/doe/2004-03/dnal-tsg032604.php}}
}
